3317 5092
620 554 813 660 Paas
865 550 914 625 11.
1187 534 1263 645 347

271 774 365 835 tuor
381 746 496 827 horas
532 764 654 822 vnum
679 738 780 819 diem
797 730 1082 820 intercalarem,
1107 728 1173 811 seu
1196 724 1267 829 bis-

263 850 441 959 sextilem
456 847 664 933 efficerent.

621 1046 662 1153 t.
714 1033 908 1131 Dcxxv.
957 994 961 1001 ’
1010 982 1013 987 ’

309 1228 387 1308 'Et
405 1224 455 1305 ab
474 1219 622 1320 ecclefia
638 1212 839 1315 christiana
850 1212 997 1318 quidem
1016 1180 1215 1345 receptum}

365 1418 453 1495 Hoc
470 1402 731 1487 calendarium
749 1402 940 1483 Iulianum
960 1403 1038 1481 iam
1049 1402 1140 1479 inde
1156 1426 1178 1477 a
1197 1394 1274 1501 pri·
1347 1482 1349 1487 ,

280 1545 343 1600 ma
359 1519 419 1595 sui
443 1507 665 1590 fundatione
690 1508 869 1610 amplexa
887 1506 940 1583 est
960 1504 1117 1585 ecclefia
1145 1500 1274 1581 catho-

279 1625 383 1711 lica,
410 1616 522 1716 eique
542 1608 634 1688 festa
652 1611 719 1691 sua
738 1612 952 1690 immobilia
967 1609 1147 1703 inseruit,
1175 1602 1273 1685 etab

281 1722 456 1807 omnibus
473 1713 648 1793 fidelibus
670 1716 791 1817 recipi
814 1714 943 1794 voluit
961 1773 972 1803 ‚
1000 1734 1045 1791 vt
1072 1710 1272 1801 constaret,

283 1826 424 1929 quibus
444 1820 576 1895 diebus
604 1815 696 1900 festa
722 1822 832 1901 haec·
846 1822 929 1909 tcto
954 1816 1046 1899 orbe
1068 1814 1274 1896 christiano

284 1930 401 2009 effent
416 1922 652 2009 celebranda.

630 2122 670 2223 t.
722 2078 934 2203 nuxxvr.

304 2268 397 2382 ‘Sed
421 2296 572 2374 ratione
589 2290 785 2397 paschatis
800 2288 1009 2376 celebrandi
1032 2322 1057 2371 a
1075 2286 1256 2400 putribus

575 2420 778 2492 conectam
807 2422 1006 2504 strennui.

377 2595 509 2687 Atque
526 2600 572 2660 vt
596 2584 731 2660 eodem
752 2606 803 2660 ex
830 2584 1047 2663 calendario
1073 2580 1282 2671 constaret,
1323 2666 1325 2670 ,

294 2712 370 2791 quo
386 2687 449 2763 die
464 2683 608 2791 quouis
625 2711 724 2764 anno
743 2684 882 2790 pascha
891 2686 1159 2765 celebrandum
1178 2678 1281 2771 esset,

293 2811 422 2894 patres
441 2808 646 2866 cometen
668 2812 855 2865 menam
877 2794 921 2861 A.
939 2810 1026 2888 3²5·
1047 2787 1125 2891 post
1143 2781 1282 2864 Christi

294 2892 536 2980 natiuitatem
555 2913 684 2968 euram
704 2890 974 2969 demandarunt
999 2892 1182 2969 Evsaalo
1202 2909 1283 2964 cae·

294 2990 459 3073 sarcenfi
487 3012 527 3070 et
547 2993 807 3071 alexandrinis
830 2992 1130 3083 mathematicis,
1156 3010 1203 3068 vt
1219 3006 1284 3088 cy·v

296 3098 398 3174 clum
415 3096 619 3172 lunarema
631 3099 753 3173 Ivnro
764 3101 963 3174 caesana
982 3092 1198 3177 calendario
1214 3088 1282 3170 suo

295 3195 514 3317 praefixum
534 3196 588 3272 ita
599 3197 838 3286 ordinarent,
855 3208 904 3277 ‘et
916 3200 962 3274 ad
972 3196 1062 3277 solis
1079 3192 1285 3304 ingressum

299 3326 340 3378 tn
359 3296 591 3401 principium
608 3304 759 3396 arietis,
786 3301 852 3379 seu
869 3304 915 3379 ad
933 3302 1034 3379 diem
1054 3295 1285 3401 aequinostii

271 3405 441 3493 menni,
466 3400 531 3502 qui
563 3422 654 3481 tunc
684 3405 876 3483 incidebat
910 3402 952 3479 in
978 3401 1183 3499 vicesimam
1203 3398 1286 3503 pri·

302 3528 402 3604 mam
415 3504 572 3595 Martii,
597 3508 1013 3600 itaadcommodarent,
1040 3506 1164 3584 vtvel
1184 3506 1287 3583 noui·

300 3609 408 3685 lunia
426 3606 646 3713 paschalia,
666 3620 788 3713 ‘atque
811 3612 905 3688 adeo
938 3612 986 3689 ad
1010 3609 1110 3689 diem
1137 3606 1288 3709 pascha-

300 3712 628 3827 tis0quouisann0
649 3711 866 3797 celebrandi
886 3711 1158 3798 inuenientium
1176 3708 1312 3792 inser·K

301 3834 417 3898 unet.

770 4187 809 4249 ²
929 4231 968 4340 ς.
1018 4228 1244 4308 ucxxvn.
