3317 5092
455 589 459 596 ·
615 529 902 622 Pan'all.
1207 481 1343 648 191

275 724 664 840 rampartieuluium
687 723 822 804 fideles
837 724 916 805 [ωε
943 721 1069 805 clerici
1092 722 1170 805 line
1190 723 1258 804 lai-

273 839 315 920 ci.
371 842 433 933 2.)
463 859 545 915 znon
569 851 716 930 tantum
737 830 819 922 illi,
865 829 931 936 qui
955 849 1180 934 perpetuum
1201 829 1258 914 ibi

274 938 512 1020 domicilium
527 936 687 1027 habent,
715 931 836 1010 sedet
853 935 917 1037 qui
928 935 976 1012 ad
984 953 1138 1034 tempus
1155 935 1259 1014 intra

273 1037 473 1122 dioecefim
493 1056 796 1127 commorantur,
817 1035 1009 1139 peregrini
1023 1059 1062 1116 et
1072 1063 1119 1116 va
1147 1038 1260 1124 abun·

270 1151 310 1224 di
325 1146 534 1249 praecipue
554 1141 633 1220 illis
661 1138 828 1242 legibus,
861 1162 956 1240 quae
984 1137 1082 1219 citra
1109 1063 1258 1221 lianda·

269 1253 352 1329 lum
378 1268 445 1325 aut
471 1243 797 1350 perturbationem
819 1242 911 1320 boni
941 1243 1087 1346 publici
1112 1241 1258 1348 negligi

272 1379 352 1430 non
366 1343 524 1450 poliunt.
579 1341 638 1447 3.)
665 1342 855 1446 Exempti
875 1370 970 1424 vero
992 1345 1087 1424 alias
1103 1373 1126 1426 a
1143 1346 1259 1424 iuris·

273 1451 439 1533 diciione
456 1446 661 1552 episcopali
680 1446 900 1552 obligantur
912 1447 1257 1546 inmateriisomm'·
1410 1521 1413 1528 ,

273 1558 346 1638 bus
379 1579 458 1632 non
482 1549 694 1650 exemptis,
735 1570 775 1627 et
807 1550 887 1626 illis
913 1549 1066 1653 insuper
1092 1551 1257 1646 casabus,

270 1659 408 1761 quibus
441 1678 493 1732 ex
528 1653 685 1757 speciali
719 1652 785 1728 vel
809 1649 907 1729 ledis
931 1651 1158 1757 apostolicae
1186 1655 1253 1734 vel

276 1755 439 1841 concilii
458 1755 660 1836 tridentini
684 1758 839 1836 decreto
866 1753 1033 1862 episcopi
1051 1755 1253 1837 subiiciun-

279 1882 351 1946 tur.
399 1857 481 1941 seli.
512 1860 637 1939 XXV.
650 1885 734 1966 cap.
762 1880 823 1937 12.
853 1882 913 1960 13.
944 1855 991 1938 de
1016 1855 1177 1963 regular.

664 2099 856 2206 §.xta
919 2101 956 2158 e

268 2279 368 2406 Lear
386 2303 507 2384 omnir
534 2305 573 2386 ia
593 2303 844 2407 conscientia,
878 2321 920 2386 vt
941 2300 1068 2401 aiunt,
1101 2302 1257 2410 obligat.

359 2499 565 2600 Quumque
582 2492 749 2576 subditus
766 2496 875 2588 dolo',
901 2494 969 2571 vel
985 2491 1099 2597 culpa
1126 2495 1259 2574 aduer-

272 2597 334 2676 sus
352 2602 477 2705 legem
501 2626 523 2677 a
539 2598 734 2701 superiore
749 2598 924 2703 legitimo
941 2595 1125 2697 perlatam
1152 2599 1254 2706 agit,

270 2698 389 2779 laedit
406 2701 465 2779 ius
483 2701 563 2779 eius
577 2703 762 2802 stammam
789 2729 837 2778 ac
858 2697 1072 2802 perficium.
1133 2703 1254 2803 Atqui

272 2803 346 2884 hoc
376 2825 511 2883 natura
546 2803 725 2882 iniustum
750 2802 812 2882 est.
882 2799 1003 2880 Redde
1030 2799 1150 2908 igitur
1176 2803 1257 2882 sen-

270 2908 395 2994 tiunt,
419 2909 483 3008 qui
503 2906 735 3012 legionique
753 2906 940 2986 humanae
958 2904 1040 2986 vim
1058 2905 1255 3013 obligandi

273 3008 556 3113 inconscientio
572 3010 781 3090 vindicant·
955 3015 961 3024 ’

276 3210 371 3314 Epijl.
384 3213 424 3276 ad
439 3213 589 3276 RontArt.
615 3238 677 3300 cap.
696 3217 735 3279 V.
754 3207 783 3277 a.
800 3230 828 3291 5.
846 3185 873 3277 et
887 3231 950 3301 cap.
981 3208 1082 3278 XIII.
1112 3229 1138 3276 1.
1165 3235 1195 3276 2.
1223 3230 1255 3295 ς.

354 3308 432 3361 rtem
448 3295 474 3363 Ι.
491 3297 614 3361 Parni
635 3323 698 3395 rap.
713 3299 760 3365 ΙΙ.
774 3317 801 3365 ν.
821 3317 868 3380 ¹2·

673 3537 713 3646 §-
740 3543 856 3620 XLII.

421 3741 586 3821 Reiec‘Iir
599 3741 741 3848 legibus
756 3774 854 3852 pure
862 3727 1098 3872 poenalibus.
1168 3861 1173 3869 Ι
1226 3857 1241 3888 Ὃ

353 3932 458 4034 Quid
476 3895 604 4012 aurem
621 3931 668 4011 fit
684 3934 724 4011 in
748 3933 1183 4042 obligatione.cuiusque
1198 3939 1249 4020 lo·

261 4034 343 4142 gis,
370 4037 519 4117 subtilis
538 4037 588 4114 est
606 4037 861 4139 interpretum
880 4037 1093 4138 disputatio.
1157 4043 1250 4122 Per·
1369 4041 1372 4048 ’

261 4139 398 4248 spicue
423 4144 494 4221 lex
513 4141 755 4247 praecipient
784 4138 841 4220 ad
862 4145 987 4224 'ocium
1009 4145 1246 4249 ponendum:-

324 4326 328 4334 .
429 4311 436 4322 -
485 4268 487 4274 '
940 4331 942 4336 ,
1047 4305 1051 4312 -
1107 4274 1201 4355 pro·
