3317 5092
369 530 858 653 pslvnrsnavosutran
889 543 1287 650 Eccsssmsncaa,

352 792 354 795 .
430 744 507 801 ¹aut
534 686 754 800 absolueretur
780 752 800 798 a
822 732 1039 820 suspenfione.
1073 755 1227 810 concta.
1257 756 1368 812 asin·

448 816 510 904 [effi
524 817 664 897 XXIII,
680 841 709 882 e.
727 835 777 897 14,
793 818 827 882 de
846 822 965 914 reform.
1386 877 1390 884 .

741 1003 773 1109 ς.
826 1007 999 1089 cnxw.

365 1193 499 1282 Locus
526 1186 838 1298 corfferendorum
872 1188 1046 1274 ordinum
1076 1195 1145 1302 effla
1168 1195 1279 1281 debet
1301 1197 1363 1294 I.)

741 1319 766 1378 P
770 1317 976 1378 ROPRIVS·

441 1518 582 1601 Locus
590 1510 638 1601 in
653 1517 728 1618 qdo
745 1508 953 1596 secundum
976 1538 1142 1598 canones
1161 1523 1367 1596 confessu·

365 1619 405 1707 di
426 1617 513 1698 sunt
539 1616 721 1712 ordines,
748 1619 862 1701 debet
892 1618 967 1697 else
987 1619 1192 1725 proprius,
1214 1624 1359 1722 stater,

356 1719 547 1831 publicus.
598 1721 840 1800 Pnoen1vn'1
857 1741 1011 1815 autem,
1041 1747 1159 1826 quum
1183 1724 1289 1817 dico,
1316 1723 1361 1800 id

317 1847 321 1852 ’
358 1821 409 1905 de
432 1825 632 1905 ordinante
650 1823 850 1928 intelligo,
877 1851 926 1903 ne
953 1825 1102 1905 alienos
1126 1826 1285 1904 inuadat
1311 1827 1364 1904 li-

359 1929 488 2032 mites.
539 1927 729 2030 Equidem
745 1928 847 2005 vidit
871 1927 1025 2032 saepius
1049 1926 1283 2032 antiquitas,
1309 1951 1358 2007 ac

326 2046 332 2057 ·
361 2030 543 2141 probauit
570 2030 687 2110 etiam
717 2030 977 2115 ordinationes
1012 2031 1125 2111 extra
1154 2027 1362 2112 dioecefim

359 2135 556 2240 peradias,
583 2136 645 2212 ius
659 2156 789 2213 tamen
806 2134 1048 2214 ordinarium
1068 2133 1240 2215 constans
1265 2133 1363 2211 obti-

359 2237 473 2317 nuit:
500 2239 600 2314 nulli
627 2237 804 2340 episcopo
829 2237 971 2332 licere,
998 2237 1169 2317 cuiusuis
1199 2235 1359 2341 priuile-

359 2341 417 2447 gii
445 2359 653 2441 praetextu
678 2337 918 2442 pontificalia
939 2345 980 2419 in
1008 2339 1165 2420 alterius
1195 2335 1361 2424 dioecefi

361 2465 569 2545 exercere,
599 2438 669 2541 nifi
691 2443 737 2519 de
753 2442 941 2546 ordinarii·
953 2445 1035 2522 loci
1046 2442 1225 2549 exprella
1241 2441 1361 2520 licen·

359 2546 439 2624 tia:
469 2543 578 2622 secus
595 2541 624 2620 fi
642 2545 736 2649 quid
754 2543 896 2626 fastum
908 2543 1022 2639 effes,
1045 2567 1086 2624 et
1103 2544 1300 2650 episcopus
1309 2545 1358 2622 ab

362 2649 557 2727 exercitio
578 2643 880 2749 pontificalium,
907 2670 949 2728 et
971 2647 1168 2726 ordinatus
1197 2655 1244 2726 ab
1267 2671 1360 2730 eut:-⁴

196 2842 203 2853 ff
324 2821 327 2826 .
360 2749 516 2833 cutione
536 2747 681 2832 ordinis
701 2751 788 2835 iure
809 2751 890 2858 ipso
913 2749 1202 2857 suspenduntur·

740 2950 804 3128 t(
834 3007 984 3106 ccxv.

729 3237 755 3270 ·’
790 3221 907 3308 Idem.

392 3461 395 3467 ·
440 3415 502 3496 De
519 3411 615 3508 loeis
631 3412 820 3519 exemptis
839 3414 1027 3518 traditur,
1055 3441 1133 3508 non
1158 3399 1259 3523 polle
1275 3411 1352 3531 epi·

359 3516 514 3622 scopos,
540 3519 666 3600 etfiea
682 3519 754 3598 sant
772 3518 962 3599 limitibus
979 3519 1160 3602 ecclefiae
1180 3517 1269 3598 suae
1293 3542 1352 3594 m·
1468 3545 1471 3550 ¹

354 3624 487 3719 elusa,
513 3626 711 3706 celebrare
728 3621 1010 3715 ordinationes,
1036 3623 1243 3727 praecipue
1265 3641 1354 3700 con-

361 3748 501 3806 uocato
526 3732 697 3832 populo,
733 3727 910 3826 interque
936 3723 1128 3810 miliarum
1156 3722 1353 3815 solennia,

359 3829 431 3908 nifi
446 3831 561 3910 venia
578 3857 602 3908 a
623 3830 795 3931 praelato
812 3824 993 3908 scelestae
1010 3829 1117 3910 illius
1132 3829 1355 3932 impetrata,

350 3923 462 4033 'quod
470 3954 566 4038 poto
576 3932 728 4012 ratione
736 3931 840 4009 haud
848 3929 1016 4012 destitui:
1034 3931 1353 4038 quemadmodum

303 4046 317 4082 ³
360 4035 563 4132 necilldd,
581 4038 686 4136 quod
701 4033 885 4140 praelati,
906 4055 994 4116 vtut
1003 4032 1256 4128 exemti‚s1ne
1266 4053 1353 4112 con·

357 4135 464 4223 sensu
481 4138 692 4238 ordinarii,
725 4139 771 4220 in
795 4137 906 4220 cuius
933 4139 1099 4226 dioecefi
1125 4131 1356 4320 locusstlitus

733 4259 737 4267 ,
1219 4263 1243 4321 e
1281 4293 1297 4338 ‚
