3317 5092
332 680 408 774 264
435 679 847 783 Ivunrrrnvnnnrttrt
875 668 1280 766 Econnernsncnn,

328 858 519 972 prorniffio
549 860 596 935 de
625 856 737 941 causa
759 847 1007 937 restitutionis
1043 855 1085 934 in
1108 856 1330 963 integrumr

328 971 376 1046 de
394 968 507 1047 rebus
521 958 729 1055 ecclesiae,'
751 956 944 1059 causisque
959 957 1074 1040 status
1085 962 1251 1061 publici,
1277 962 1334 1047 ni,

330 1068 358 1151 fi
377 1071 417 1147 id
435 1093 482 1143 eo
500 1068 612 1143 modo
631 1060 719 1154 fiat,
747 1086 822 1164 quo
838 1062 1021 1138 alienatio
1032 1066 1332 1160 canonibusper.

332 1171 437 1253 miffa
458 1166 519 1247 est.
541 1192 625 1268 cap.
644 1191 682 1252 5.
710 1190 767 1240 11.
786 1161 821 1249 h.
855 1182 884 1240 t.
904 1188 986 1265 cap.
1018 1186 1053 1264 7.
1073 1162 1120 1240 de
1147 1169 1331 1253 transatff.

332 1301 415 1381 cap.
441 1297 476 1378 9·
492 1268 539 1348 de
557 1269 596 1344 in
618 1265 752 1369 integr.
771 1264 884 1364 restit.
908 1269 989 1369 erip.
1011 1292 1072 1353 21.
1087 1263 1134 1345 de
1142 1268 1293 1377 praeb.

687 1478 726 1587 g.
780 1454 931 1562 conr.
1022 1452 1024 1457 ’

376 1652 538 1805 'Arbitri
554 1660 713 1777 officiunt
732 1674 802 1779 est,
828 1686 869 1751 vt
898 1676 1047 1774 causant
1065 1679 1278 1803 cognoseat.

424 1872 611 1984 Quamuis
623 1896 751 1958 autem
761 1874 954 1981 integrum
966 1875 1013 1956 fit
1029 1876 1193 1977 arbitro,
1220 1874 1339 1959 velit·

339 2007 389 2063 ne
406 1980 596 2087 suscipere
614 1978 839 2067 arbitrium,
868 2006 916 2057 an
937 2007 1033 2073 non,
1059 1980 1338 2087 susceptnmta·

335 2108 424 2165 men
450 2086 646 2164 deelinare
674 2107 750 2159 non
773 2080 919 2187 potest,
953 2080 1017 2169 sed
1042 2083 1152 2169 litem
1179 2082 1360 2163 seruato'

338 2186 437 2269 iuris
453 2189 587 2266 ordine
617 2184 798 2262 dirimere
821 2181 990 2293 cogitur:
1020 2204 1254 2290 quapropter
1280 2203 1338 2264 et·-

294 2384 299 2390 ,
338 2288 417 2369 iam
435 2292 482 2368 de
504 2288 746 2368 restitutione
761 2289 802 2367 in
819 2288 1032 2393 integrum,
1060 2298 1159 2390 quae
1176 2312 1225 2365 ex
1242 2286 1338 2371 acci

335 2388 439 2477 denti
457 2392 600 2489 causae
619 2390 852 2484 interuenit,
870 2389 1095 2497 cognoscere
1112 2416 1190 2471 non
1208 2388 1336 2497 prohi-

337 2496 474 2587 betur,
500 2500 624 2574 multo
645 2496 770 2572 minus
789 2496 835 2571 de
853 2492 970 2572 causls
986 2490 1337 2599 praeiudicialibus.

336 2593 413 2674 fine
442 2596 579 2700 quibus
613 2592 871 2675 controuerfia
910 2596 1130 2700 principalis
1156 2597 1338 2703 componi

336 2724 413 2791 non
429 2696 565 2800 potest,
591 2698 835 2803 quantumuis
856 2704 1075 2803 ceteroquin
1088 2698 1333 2801 compromiss

333 2797 414 2879 sum
433 2798 559 2879 stritte
580 2802 908 2904 interpretationis
924 2800 969 2879 fit
984 2808 1097 2891 adeo,
1124 2825 1170 2884 vt
1190 2826 1333 2879 ssecau·

331 2899 370 2980 sa
396 2904 549 3009 quidem
566 2902 899 3000 reconuentionis,
921 2903 989 2984 nifi
1007 2905 1183 3004 expreffa
1200 2904 1282 2987 eius
1290 2907 1332 2997 in

332 3005 598 3109 compromisso
626 3008 725 3086 facia
758 3006 803 3086 fit
829 3010 997 3106 menti0,
1026 3009 1188 3089 arbitrio
1214 3008 1333 3099 conti·

331 3131 478 3187 nentur.
509 3115 608 3208 confi
626 3107 699 3185 XI.
722 3108 805 3212 qt
830 3140 910 3187 can.
930 3138 987 3207 30.
1014 3139 1098 3218 cop.
1121 3137 1178 3190 ιο.
1207 3107 1256 3191 de
1281 3136 1337 3193 re·

317 3207 402 3309 stit.
424 3211 463 3288 in
482 3212 616 3315 integr.
637 3239 719 3318 cap.
741 3215 785 3299 61,
799 3236 836 3299 et
856 3239 913 3293 ιο.
932 3211 965 3301 h,
980 3231 1008 3295 t.

723 3430 762 3557 §5
809 3434 985 3527 CDLxr.

680 3638 733 3716 Vt
751 3662 831 3714 eant
850 3635 1008 3719 decidat.

421 3848 533 3954 Quod
547 3842 572 3916 fi
586 3845 714 3946 piures
728 3844 818 3951 eligi
833 3845 997 3923 arbitros
1007 3847 1158 3952 placet,
1180 3849 1335 3941 maioris

337 3956 458 4053 partis
475 3951 663 4055 sententia
676 3955 892 4057 progualet:
910 3951 1005 4030 haec
1025 3951 1053 4044 sl.
1074 3951 1241 4034 obtineri
1262 3980 1334 4032 non

338 4056 468 4156 poffit,
486 4079 526 4136 et
544 4052 696 4157 quidem·
713 4076 763 4127 ert
775 4077 842 4147 eo,
870 4058 969 4155 quod
986 4055 1025 4132 in
1047 4081 1156 4159 pares
1173 4083 1333 4145 numero

337 4160 504 4258 arbitros
525 4157 831 4260 compromissum
851 4157 920 4252 fit,
958 4159 1120 4240 euidens.
1139 4161 1216 4256 est,
1242 4187 1334 4251 neu·

336 4283 437 4352 tram
454 4268 585 4356 velere
610 4262 867 4358 sententiam,
893 4263 963 4347 nisi
982 4267 1122 4357 tertius
1151 4293 1225 4449 eos,
1254 4288 1331 4381 quo

1112 4388 1135 4423 .-‚
1181 4384 1294 4479 npe-
