3317 5092
265 586 269 590 ’
370 549 876 668 348Ῐ1νιιιπιινοκῃτιη
902 552 1310 659 Ecctesrrsneau,

710 745 749 849 S.
800 747 1033 828 DCXXVII.
1111 760 1112 765 ’

547 919 684 1001 Certim
706 914 889 1000 terminus
909 911 1195 1000 determinatur.

454 1109 551 1189 Tria
567 1124 700 1187 autem
716 1107 843 1185 sunta
866 1105 1037 1186 nicaenis
1062 1104 1236 1211 patribus
1260 1104 1367 1187 circa

366 1210 559 1317 paschatis
581 1208 884 1291 celebrationem
903 1208 1117 1289 constituta.
1172 1206 1365 1301 Primum,

370 1336 417 1393 vt
435 1313 574 1422 pascha
591 1312 857 1393 celebraretur
873 1312 1108 1391 hebdomade
1126 1312 1242 1390 tertia
1262 1336 1370 1389 men·

369 1414 417 1497 fis
434 1420 549 1523 primi
561 1414 728 1510 lunaris,
755 1412 822 1515 qui
841 1406 989 1509 ebibe,
1018 1416 1127 1493 cuius
1146 1416 1238 1496 luna
1255 1417 1363 1503 XIV.

370 1524 474 1601 cadit
490 1542 556 1601 aut
578 1519 620 1596 in
647 1512 931 1622 aequinobbium
963 1542 1150 1613 vernum,
1175 1538 1243 1599 aut
1268 1518 1366 1599 illud

237 1671 240 1677 ,
367 1622 550 1726 proxime
576 1620 761 1725 sequitur.
815 1616 984 1715 Deinde,
1015 1638 1062 1699 vt
1079 1618 1365 1725 aequinobiium

368 1749 535 1810 vernum
562 1721 655 1803 esset
678 1720 850 1802 adfixum
876 1723 954 1803 diei
980 1720 1185 1803 vicesimae
1213 1722 1365 1830 primae

342 1829 523 1929 Martii.
570 1823 747 1929 Denique
775 1846 821 1905 vt
847 1825 985 1931 pascha
1012 1828 1273 1906 celebraretur
1299 1828 1366 1903 do·

369 1932 513 2011 minica
530 1930 710 2036 proxima
727 1928 906 2032 sequente
924 1932 1026 2009 XIV.
1078 1934 1228 2007 Lunam
1247 1931 1365 2006 modo

372 2034 512 2113 didam
535 2034 650 2119 adeo,
678 2050 724 2110 vt
743 2031 772 2111 sr
790 2031 981 2112 dominica
999 2037 1153 2126 caderet
1172 2031 1212 2109 in
1241 2030 1363 2133 ipsam

368 2139 499 2216 lunam
516 2139 619 2216 XIV.
640 2134 778 2239 pascha
795 2132 1048 2215 transferatur
1071 2137 1112 2216 in
1129 2136 1362 2215 dominicam

230 2338 233 2345 Ι
309 2298 311 2301 ⁴
368 2238 608 2345 sequentem,
634 2260 787 2317 necum
800 2236 947 2317 iudaeis
970 2259 1246 2329 concurrerent
1261 2236 1360 2319 cbri-

368 2341 479 2426 stiani
493 2344 536 2423 in
553 2340 715 2445 paschae
730 2339 1001 2422 celebratione.

646 2645 653 2668 .
696 2554 736 2671 ς.
786 2558 1034 2641 ucxxvru.
1126 2520 1130 2529 ’

421 2738 584 2850 Duplex
606 2744 744 2825 vereris
759 2742 966 2829 calendarii
980 2743 1099 2845 errbr,
1123 2726 1309 2855 carme.

456 2952 529 3030 Sed
544 2951 596 3030 est
613 2949 679 3031 hic
690 2950 842 3057 infignis
855 2950 1001 3031 veteris
1010 2952 1218 3033 calendarii
1235 2975 1360 3049 error,
1485 2934 1486 2957 ³

371 3056 472 3153 quod
506 3053 790 3161 aequinodiium
821 3056 921 3135 diem
946 3053 1167 3161 vigesimam
1194 3056 1359 3161 primam

367 3154 506 3244 Martii
531 3185 555 3235 a
582 3178 790 3237 concreto
818 3179 1015 3237 nrcnureo
1045 3154 1215 3237 adfixum
1239 3157 1280 3237 in
1312 3188 1357 3239 eo
1425 3220 1427 3227 ,

368 3258 471 3336 haud
495 3258 766 3361 permanserit,
792 3259 856 3339 sed
874 3282 1032 3367 prepter
1056 3263 1146 3340 anni
1169 3262 1355 3363 quantita·

366 3380 448 3439 tem
466 3364 563 3442 iusto
581 3361 766 3443 maiorem
782 3362 990 3443 adsumtam
1006 3362 1220 3467 prolapsum
1237 3362 1355 3447 fuerit

366 3460 445 3539 sem
472 3492 516 3544 er
531 3462 678 3573 magis,
703 3490 749 3545 ac
769 3466 888 3573 magis
908 3468 949 3545 in
965 3467 1227 3546 antecedentia
1249 3470 1354 3561 adeo,

367 3585 413 3643 vt
435 3493 555 3672 spatio
582 3586 770 3647 annorum
797 3590 905 3672 1257·
931 3572 1051 3673 (quot
1076 3567 1189 3673 elapsr
1220 3568 1353 3649 sunta

366 3691 574 3751 concruro
606 3691 805 3750 arenario
839 3674 957 3775 vique
989 3675 1036 3751 ad
1063 3697 1202 3750 annum
1228 3696 1356 3753 corre·

319 3845 339 3886 p
362 3767 518 3880 ettonis)
528 3770 723 3857 recesserit
745 3804 768 3857 a
785 3777 849 3857 die
866 3796 926 3853 rr.
944 3775 986 3858 in
1001 3780 1101 3855 diem
1124 3798 1183 3853 11.
1203 3776 1355 3857 Martii.

905 4332 908 4341 ἡ
1000 4225 1038 4331 ς.
1091 4225 1298 4337 ccxxix.
1346 4212 1349 4227 '
1433 4220 1436 4229 ’
