3317 5092
537 684 542 691 ,
576 558 579 564 ¹
625 595 662 679 P
688 622 717 673 a
743 617 772 673 tt
796 596 919 691 0⁶11fi
1166 594 1244 711 369

598 788 633 885 ς.
685 784 911 883 cmxxv,

243 948 250 955 ⁶
307 960 627 1083 Praeferiptionie
651 968 877 1052 extiatiiuae
890 964 1193 1073 fitndamentuna

349 1174 459 1256 Haec
475 1177 521 1254 de
536 1174 835 1283 praescriptione
844 1170 1080 1275 adquifitiua.
1107 1173 1244 1257 Extin-

259 1276 387 1357 &iure
406 1279 805 1357 enimiundamentum
822 1280 874 1353 est
888 1276 1119 1381 negligentia
1137 1280 1243 1375 eius,

259 1382 350 1481 qui,
371 1403 491 1495 quunr
506 1376 685 1483 potuillet
709 1376 810 1457 intra
836 1398 986 1481 tempus
1008 1378 1092 1558 lepe
1115 1378 1245 1459 defini·

259 1481 531 1562 turrriussuum
540 1478 736 1585 persequi,
756 1504 803 1557 eo
813 1478 903 1559 vsus
917 1505 1032 1558 none
1064 1536 1073 1555 .
1113 1486 1243 1586 Quare

259 1584 491 1687 exceptione
519 1582 751 1683 repellitur,
774 1580 814 1667 „fi
841 1581 1014 1685 experiri
1037 1588 1242 1667 contendat

179 1738 183 1745 -
250 1705 435 1783 tempore
449 1685 624 1791 legitimo
639 1684 717 1763 iam
737 1704 823 1777 tuma
836 1684 975 1785 elapso.
997 1683 1076 1761 vid.
1100 1710 1186 1789 cap.
1206 1702 1242 1787 5ss

256 1783 376 1889 enfin.
392 1779 428 1863 h.
447 1807 475 1863 t.
498 1814 581 1893 cap.
602 1812 635 1863 r.
655 1782 701 1865 de
711 1812 787 1891 reg.
805 1784 875 1863 iur.
896 1786 936 1865 in
966 1784 1029 1865 VI·
1084 1786 1149 1865 Ex
1164 1792 1245 1887 qui·

257 1890 332 1968 bus
358 1889 543 1997 colligunt
567 1888 740 1970 doctores
765 1890 807 1967 in
838 1892 910 1969 hac
933 1888 1243 1993 praescriptionis
1286 1912 1293 1931 ⁸

258 1988 385 2091 specie
404 1995 584 2091 debona,
609 2016 678 2073 aut
692 1994 791 2070 mala
806 1989 883 2070 fide
900 2018 975 2069 non
993 1995 1151 2093 quaeri,
1180 1992 1243 2070 sed

257 2095 404 2209 nudem
421 2095 605 2201 temporis
623 2096 792 2199 lapsum,
818 2115 860 2174 et
873 2093 1110 2199 nonagentis
1127 2096 1244 2197 negli-

259 2213 439 2297 pertram.

482 2368 486 2375 ’
563 2408 627 2516 ς.
676 2378 952 2519 nciam„

625 2618 850 2705 Corollaria.

348 2825 440 2907 Inde
455 2828 529 2916 est,
557 2827 656 2947 quod
677 2827 847 2909 debitum
871 2816 1069 2906 indefinite
1090 2844 1243 2908 contra-
1299 2860 1305 2865 ·
1409 2824 1410 2827 ‘

264 2924 367 3006 &um
382 2929 582 3035 longillrmr
600 2953 676 3011 tem
706 2932 784 3010 oris
800 2927 1105 3035 praescriptione
1118 2934 1243 3009 extin·
1300 2940 1304 2955 ‘

261 3028 366 3106 tium
383 3029 456 3110 effe
473 3034 617 3113 censeri
634 2958 777 3113 deieat.
829 3034 869 3111 Si
890 3032 1013 3121 enim,
1040 3049 1085 3109 vt
1110 3031 1245 3136 suppo·

259 3132 396 3227 nitur,
422 3138 550 3213 nullus
568 3135 747 3215 solutioni
767 3135 885 3215 debiti
909 3130 1096 3227 terminus
1124 3136 1243 3213 fuerit

261 3230 505 3337 praefinitus,
522 3238 669 3318 debitor
677 3236 1149 3345 nunquaminterpellatus
1159 3238 1245 3317 eanr

262 3332 477 3415 differendo
495 3341 608 3442 culpa
625 3362 758 3434 vacet,
785 3361 831 3418 vt
861 3345 956 3421 adeo
979 3337 1157 3439 creditor*
1176 3338 1244 3424 fini

263 3438 454 3541 imputare
470 3443 623 3537 debeat,
648 3444 751 3544 quod
776 3465 945 3549 tempore
966 3443 1083 3549 legali
1100 3443 1243 3547 debito·
1355 3442 1360 3465 ³

260 3565 345 3637 rem
364 3542 471 3623 suum
497 3544 771 3648 interpellare,
797 3550 864 3627 vel
891 3545 1079 3643 etlionttm
1105 3570 1238 3647 contra

263 3669 352 3724 eum
370 3643 570 3727 instituere
589 3644 821 3754 neglexerit.

259 3842 358 3911 Licet
377 3846 461 3911 enim
480 3844 611 3915 debitor
625 3850 721 3929 sciat,
742 3855 774 3915 se
789 3846 829 3917 ad
849 3846 1080 3917 absolutionem
1104 3845 1168 3917 elle
1187 3844 1244 3914 ob-

216 3930 219 3933 ’
345 3927 505 4000 strictum.
526 3932 609 3997 haec
625 3944 733 4000 tamen
752 3936 885 4001 scientia
902 3935 984 4001 luris·
997 3934 1094 3997 alieni
1110 3951 1179 3999 non
1200 3936 1247 3998 i'n·
1299 3986 1302 3993 .

346 4010 641 4098 uoluit'peccaturn
658 4018 840 4090 iniustitiae,
863 4012 953 4103 quod
978 4017 1022 4079 ab
1044 4019 1133 4104 omni
1181 4036 1247 4083 rae·-

346 4096 522 4181 scriptione
541 4095 648 4161 abelle
664 4100 747 4163 vult.
768 4121 831 4185 cap.
849 4102 903 4165 vlt.
924 4098 954 4163 l.
977 4116 999 4160 r.
1020 4098 1143 4171 conlun
1168 4104 1177 4167 i
1196 4117 1247 4169 au·

345 4191 414 4244 tem
430 4185 561 4246 minime
584 4180 686 4247 debet
702 4184 817 4254 scientia
835 4183 911 4267 iuris
926 4181 1012 4246 alieni
1029 4199 1100 4249 cum
1114 4188 1248 4253 scientia

317 4256 437 4362 lrylit.
445 4262 600 4374 iuriapr.
610 4262 733 4367 «celest
739 4266 783 4349 P.
800 4270 850 4346 11.
899 4273 978 4345 An
1157 4289 1203 4357 rei
1268 4309 1272 4319 ·
