3317 5092
494 465 501 475 ’
595 467 886 550 PansII.
1177 489 1252 573 105

244 661 419 763 secrare,
449 672 487 732 et
494 653 734 756 senciificare
748 650 917 758 digneris
937 649 1104 732 Domine
1119 680 1254 736 manus

251 763 346 862 isias
363 785 441 864 per
466 759 572 858 istam
598 758 827 852 vnc‘iionem,
852 777 891 836 et
918 759 1083 858 nostram
1109 757 1252 840 benedi·

253 866 430 948 ciionem,
456 881 520 958 vt,
548 887 786 965 quaecunque
802 855 1081 956 benedixerint,
1108 860 1253 942 benedi·

254 986 414 1057 cantur,
439 981 478 1040 et
501 990 742 1072 quaecunque
761 964 1097 1064 consecraremini,
1133 969 1254 1065 conse·

215 1081 220 1088 ’
255 1089 429 1160 crentur,
455 1087 492 1142 et
502 1065 783 1168 sonciificcntur
798 1068 839 1143 in
857 1067 1003 1145 nomine
1013 1061 1175 1148 Domini
1192 1093 1255 1147 no-

245 1174 319 1272 stri
336 1169 422 1271 Iesu
439 1166 531 1248 Chri
563 1171 587 1248 i.
609 1173 669 1270 6.)
694 1175 753 1251 Ita
769 1167 937 1247 inuniiis
955 1171 1074 1267 tradit
1093 1173 1255 1250 calicem

258 1302 345 1354 cum
361 1272 479 1363 vino,
509 1295 548 1352 et
574 1269 693 1377 aqua',
721 1292 973 1380 patenamque
1002 1273 1177 1374 imposita
1201 1275 1255 1352 ei-

257 1382 341 1456 dem
357 1373 488 1454 hostia
501 1375 762 1478 subiungens:
788 1367 932 1478 Accipe
943 1379 1171 1482 potestatem
1198 1375 1257 1476 er
1309 1421 1312 1428 =

247 1483 355 1577 ferre
363 1476 597 1580 sacrificium
614 1479 722 1575 Deo,
750 1477 947 1582 mistasque
965 1477 1149 1560 celebrare
1175 1499 1256 1558 tam

254 1611 333 1688 pro
360 1580 476 1670 cinit,
501 1607 614 1689 quant
623 1607 702 1685 pro
720 1580 904 1680 defundis
933 1580 972 1658 in
1001 1583 1148 1660 nomine
1171 1579 1256 1660 Do·.

258 1685 357 1763 mini
410 1688 497 1787 Qua
513 1681 583 1762 fibi
600 1685 701 1764 fasta
719 1683 903 1786 potestate
920 1709 1013 1764 mox
1037 1684 1079 1763 in
1098 1684 1179 1789 ipso
1206 1684 1254 1764 ri·
1294 1671 1336 1783 ²,

260 1785 569 1907 tuprdinationis
587 1813 676 1868 cum
694 1787 871 1894 episcopo
880 1787 1031 1868 sacrum
1043 1785 1203 1872 iaciunt.

601 2005 643 2112 §4
698 2007 940 2087 CLXXXIX.
1033 2041 1038 2054 ·

707 2209 832 2294 idem-r
877 2165 911 2194 'f

338 2418 376 2503 7.
405 2399 536 2482 Sumta
556 2395 783 2481 eucharistia
798 2395 1067 2504 professionem
1093 2396 1183 2482 fidei
1201 2397 1256 2480 fa·

260 2502 404 2599 ciunt,
429 2507 593 2590 recitato
617 2505 744 2607 palam
772 2504 947 2605 symbolo
976 2503 1258 2610 Apostolorum.

262 2611 319 2711 8.)
338 2611 441 2687 Mox
457 2606 658 2714 episcopus
674 2605 853 2684 ambabus
870 2609 1047 2686 manibus
1070 2609 1260 2714 capitibus

258 2705 492 2816 singulorum
513 2704 696 2814 impositis
713 2707 770 2786 ait
781 2735 800 2789 t.
810 2703 955 2810 Accipe
964 2709 1152 2815 Spiritum
1166 2713 1261 2812 firn-

261 2812 387 2900 ium,
414 2838 570 2918 quorum
588 2811 773 2911 remiseris
791 2831 984 2916 peccata,
1019 2814 1262 2892 remittuntur

261 2914 339 3009 eis,
363 2937 402 2993 et
448 2939 579 2995 norum
595 2914 814 3011 retinueris,
833 2919 1095 3020 reientasrtnt.
1113 2926 1171 3022 9.)
1188 2915 1263 2997 Po-

262 3016 402 3112 stremo
421 2943 517 3115 ibi,
544 3038 612 3096 aut
629 3017 769 3118 cuique
798 3017 993 3101 ordinario
1019 3037 1262 3096 reuerentem

262 3118 433 3226 iniungit
448 3118 726 3216 obedientiam,
754 3122 919 3224 datoque
934 3117 1040 3226 pacis
1056 3119 1183 3199 osculo
1201 3115 1265 3196 eb·

258 3221 320 3300 ire
342 3227 497 3327 patitur.
547 3224 634 3301 Vid.
663 3246 966 3304 Ponriolcann
994 3245 1102 3303 nont.
1126 3217 1243 3300 ried
1323 3309 1326 3314 .

259 3322 341 3404 oni
351 3325 526 3432 presbyt.
1229 3351 1240 3377 ,
1327 3379 1331 3390 a

261 3507 344 3579 Non
368 3511 423 3576 hic
439 3523 585 3600 repetam
603 3520 735 3596 patres,
764 3529 832 3579 nec
858 3513 1000 3580 concilia
1017 3512 1258 3600 ,antiquissimm

338 3616 359 3661 a
377 3598 497 3680 quibus
516 3594 705 3662 ordinumhi
723 3601 841 3682 gradus
851 3599 1034 3664 traduntur.
1079 3599 1145 3664 Vel
1161 3619 1262 3664 vnum

338 3682 519 3744 concilium
538 3681 879 3744 Cnnnnnoinnnsn
897 3682 967 3754 IV,
991 3685 1043 3748 cui
1062 3682 1094 3745 S.
1113 3683 1257 3768 Angusti-

338 3780 402 3828 nus
435 3764 583 3832 interfuit
609 3766 694 3828 inter
721 3766 898 3850 episcopos
928 3767 1001 3831 satis
1029 3763 1094 3830 effe
1122 3766 1271 3850 poterit,

340 3865 410 3930 quo
427 3866 497 3912 non
507 3844 616 3914 modo
634 3849 751 3927 gradus
773 3846 807 3912 hi
822 3851 950 3934 septem
968 3853 1140 3918 ordinum,
1159 3848 1265 3926 nomi·
1376 3841 1380 3847 ’

340 3947 404 3998 na,
426 3942 461 3994 ot
480 3935 608 4006 munia,
629 3930 684 3994 sed
703 3943 740 3995 et
752 3929 949 4015 fingulorum
967 3933 1196 3998 ordinationes
1222 3929 1263 3992 ri·

338 4026 461 4097 rusque
481 4058 492 4087 ‚
513 4013 630 4098 quibus
655 4014 696 4080 ab
721 4015 880 4102 episcopo
909 4015 1021 4101 singuli
1047 4011 1265 4082 contecrandi

339 4093 404 4163 sint
431 4117 495 4186 cop.
518 4119 550 4165 2·
571 4115 663 4180 ,τι-,4.
686 4114 723 4246 <G
746 4100 776 4257 g
798 4119 828 4171 7·
861 4111 891 4170 8·
920 4116 950 4164 tt
982 4121 1010 4182 9.
1042 4100 1268 4189 praescribun·
1478 4079 1484 4152 Ϊ

1156 4195 1219 4252 tur.
