3317 5092
638 529 930 616 ΡΛΗΙῙ.
1230 565 1279 643 ³¹

293 725 437 806 tanum
467 720 545 813 est,
576 741 690 823 quam
726 720 882 899 puidem
909 721 992 800 vim
1021 748 1183 806 canones
1208 752 1285 807 non

292 832 336 909 in
338 829 442 926 soro
459 834 624 909 tantum,
650 849 725 928 qno
761 825 892 916 aiunt,
919 843 1098 920 externo,
1124 825 1285 924 sensori.

295 933 359 1011 sed
385 949 427 1006 et
454 926 495 1001 in
522 926 691 1023 interno,
724 925 791 1006 seu
809 926 899 1032 poli
923 925 1002 1008 iola
1028 927 1286 1036 prohibitione

290 1029 573 1114 nanciscuntur.

300 1218 338 1286 L.
359 1236 389 1296 5·
406 1213 470 1280 cod.
490 1212 524 1278 de
538 1215 595 1300 leg.
608 1234 674 1300 cup.
694 1217 745 1291 64.
759 1214 794 1278 de
816 1232 878 1296 reg.
896 1214 953 1282 iur.
971 1218 1001 1281 in
1020 1213 1079 1280 VI.

590 1527 592 1533 .
696 1433 735 1540 ς.
761 1435 881 1516 XLV.

295 1683 301 1688 ·
429 1643 497 1724 De
514 1642 592 1750 lege
611 1639 649 1719 in
665 1571 1146 1746 praefitmtionefitndatus

377 1832 504 1936 Leges
520 1833 562 1909 in
578 1825 857 1932 praesumtione
872 1829 1044 1912 fundatas
1069 1831 1126 1910 ita
1152 1829 1282 1937 paiiim

300 1931 546 2031 distinguunt,
574 1952 622 2012 vt
653 1933 721 2008 lex
744 1933 787 2010 in
812 1933 1092 2038 praesumtione
1117 1933 1211 2016 faeti
1236 1959 1283 2014 uc

323 2036 458 2116 eticuli
476 2034 720 2138 particularis
738 2036 895 2116 fundata
914 2037 991 2115 non
1010 2038 1174 2142 obliget,
1209 2035 1286 2116 ces·

325 2157 402 2216 ¹to
434 2139 534 2220 faiio
566 2161 612 2217 ac
645 2138 822 2243 periculo
856 2138 1080 2240 particulari
1114 2137 1284 2244 obligare

291 2260 428 2319 tamen
444 2267 519 2320 non
536 2239 676 2321 desinat
689 2267 753 2334 ea,
779 2262 877 2343 quae
900 2239 953 2318 est
970 2241 1012 2318 in
1038 2236 1283 2340 praesumtio·

296 2369 349 2420 ne
372 2343 469 2421 iuris
491 2367 536 2421 ae
563 2344 725 2447 periculi
740 2426 742 2430 ,
760 2342 989 2422 vniuersalis
1005 2386 1007 2392 ·
1025 2343 1198 2435 fundata,
1233 2343 1278 2422 li·

297 2464 359 2522 cet
376 2447 420 2523 in
438 2446 523 2525 casu
541 2445 762 2547 particulari
772 2443 886 2527 ceffet
904 2443 1135 2552 praesumtio
1147 2470 1198 2538 ¹ac
1218 2471 1281 2550 pe-

296 2548 485 2627 riculum:
522 2575 662 2628 verum
677 2574 792 2651 quum
809 2549 913 2652 leges
939 2572 1067 2626 omnes
1093 2547 1282 2652 praesum·

299 2650 397 2727 tioni
414 2653 584 2755 'generali
609 2673 649 2730 et
674 2652 846 2756 periculo
884 2649 1092 2726 uniuersali
1120 2650 1284 2732 innitan-

298 2774 382 2839 tur,
417 2759 564 2855 eoquod
590 2757 717 2859 legum
745 2752 913 2831 omnium
940 2753 1040 2830 ratio
1072 2750 1209 2830 vltima
1236 2751 1282 2832 fit
1380 2781 1383 2797 ·

297 2855 395 2934 salus
411 2857 665 2960 reipublicae,
694 2859 887 2958 quaelege
905 2879 978 2932 non
997 2851 1112 2958 posita
1157 2853 1285 2934 ericii-

298 2978 469 3044 taretur‚
492 2984 685 3063 quumque
694 2955 876 3034 hacienus
884 2982 998 3034 nemo
1008 2879 1175 3034 distiniie
1193 2956 1281 3036 satis

300 3062 553 3167 explicuerit,
599 3062 748 3164 quando
785 3061 909 3166 legem
936 3059 976 3135 iu
999 3057 1281 3164 praesumtione

296 3163 462 3266 periculi
474 3162 731 3257 vniuersalis,¹
760 3159 1076 3266 autparticularis
1086 3159 1281 3240 fundatam
1397 3239 1401 3250 ,

242 3320 247 3338 .
298 3263 373 3342 effe
402 3266 600 3343 dicendum
629 3262 695 3358 fit',
742 3289 816 3343 non
849 3263 1075 3372 erjtopere
1102 3265 1284 3368 pretium,

296 3368 359 3445 his
377 3368 520 3445 diutius
537 3369 743 3450 immorari.
806 3365 1113 3470 Exempla'eniin
1140 3363 1281 3462 omnia,

299 3470 397 3572 quae
416 3470 514 3547 hanc
531 3471 570 3547 in
588 3496 671 3552 rem
690 3470 844 3548 adferre
862 3469 1004 3562 solent,
1032 3491 1083 3546 ex
1106 3471 1281 3550 decanta-

224 3563 231 3576 ’
300 3573 348 3650 tis
367 3574 462 3651 aiios
481 3575 624 3677 regulis
639 3569 781 3653 resolui
798 3570 967 3675 possunt,
994 3571 1160 3663 scilicet,
1181 3576 1282 3674 quod
1358 3575 1374 3672 J

297 3675 537 3778 praesumtio
549 3677 643 3768 inris'
661 3699 700 3754 et
720 3678 766 3751 de
782 3674 866 3765 iure
895 3701 971 3751 non
996 3673 1174 3753 admittat
1198 3699 1282 3776 pro·

300 3777 799 3875 bationemincontrarium‚
830 3777 1158 3870 benetamenilla‚
1184 3801 1285 3882 quae

280 3879 559 3972 rimu-tuntum
580 3883 659 3971 est..

694 4181 697 4188 ’
908 4183 941 4214 ”
994 4180 1065 4326 fs.
1091 4225 1227 4349 xtvt7
