3317 5092
608 578 799 663 Pnns
851 586 902 666 n.
1164 573 1242 693 337

254 768 509 866 arbitrariae,
569 796 641 853 uae
673 796 696 851 a
719 768 860 851 iudicis
881 768 1042 851 arbitrio
1068 774 1241 877 pendent.

258 903 344 978 cap.
366 888 427 969 28.
445 873 492 951 de
509 792 581 979 1321.
599 896 636 953 er
646 875 780 980 potest.
797 872 873 955 iud.
891 874 1005 979 deleg·
1056 874 1149 960 Illae
1173 879 1242 957 vel

255 974 423 1078 absolute
439 974 538 1057 'tales
553 977 660 1074 sunt,
694 1002 793 1083 quae
817 979 1039 1060 immediate
1072 980 1244 1085 partibus

255 1078 541 1185 praefiguntur,
568 1085 635 1160 vel
645 1078 852 1182 secundum
875 1082 967 1185 quid
991 1080 1107 1176 tales,
1145 1106 1245 1187 quae
1375 1141 1379 1149 ι

252 1184 342 1265 ideo
365 1203 514 1263 tantum
545 1186 585 1263 le
611 1211 634 1262 e
657 1183 911 1277 definiuntur,
947 1202 993 1261 vt
1018 1184 1137 1265 iudici
1159 1210 1247 1263 nor·

254 1313 359 1367 mam
375 1287 562 1389 praestent
582 1311 624 1362 rn
633 1283 776 1370 eisdem
787 1283 1107 1389 praescribendis:
1134 1284 1244 1391 prio·

251 1416 312 1466 res
340 1388 414 1467 hae
440 1390 597 1469 decreto
628 1383 769 1467 iudicis
792 1411 871 1464 non
897 1388 1100 1496 indigent:
1147 1389 1245 1469 bene

251 1516 353 1570 vero
364 1489 604 1594 posteriores.
631 1513 714 1591 cap.
747 1509 806 1587 15.
830 1484 879 1567 de
896 1498 995 1595 sear.
1023 1510 1062 1571 er
1084 1518 1136 1572 re.
1163 1488 1243 1573 iud.

252 1619 339 1701 eap.
356 1618 394 1686 4.
414 1588 461 1669 de
481 1591 521 1671 in
535 1592 648 1694 integ.
667 1590 827 1694 raditur.

647 1846 687 1954 §-
739 1848 876 1937 new.

492 2053 604 2153 Quae
612 2053 824 2161 prorogari
840 2056 1006 2160 pofflan.

341 2237 454 2317 Nihil
472 2258 600 2317 autem
621 2239 802 2343 impedit,
829 2237 1047 2342 quominus
1072 2260 1124 2315 ex
1148 2232 1244 2313 iuste

254 2343 368 2423 causa
398 2345 444 2419 ad
461 2339 675 2420 instantiam
687 2341 860 2447 impediti
872 2340 1243 2445 prorogenruradeo,
1393 2380 1395 2384 ·

254 2471 300 2524 vt
317 2472 365 2525 ne
381 2442 515 2526 causae
538 2443 692 2547 quidem
717 2445 936 2551 cognitione
963 2470 1057 2627 οἵης
1082 2441 1136 2522 fit.
1190 2450 1245 2521 At

244 2544 417 2652 secunda
438 2544 690 2653 prorogatio,
733 2573 832 2656 quae
861 2573 906 2626 re
939 2547 979 2652 ip
999 2575 1021 2626 a
1045 2546 1162 2627 tertia
1189 2543 1244 2622 est

255 2651 413 2742 dilatio,
459 2649 629 2727 moribus
656 2676 732 2729 non
758 2652 1000 2755 indulgetur,
1036 2647 1106 2726 nisr
1132 2672 1243 2764 prae·

254 2754 343 2835 stito
371 2755 588 2832 iuramento
611 2753 846 2846 calumniae,
889 2770 955 2831 aut
982 2754 1029 2829 de
1065 2748 1242 2854 legnimo

247 2856 531 2960 impedimento
556 2854 676 2932 iudici
694 2856 847 2936 constet„
872 2854 951 2932 vid.
974 2878 1057 2957 cap.
1077 2879 1109 2928 1.
1130 2848 1241 2931 vtlir.
1312 2926 1313 2931 r

253 2988 332 3037 non
352 2958 503 3054 contest.
519 2960 622 3033 Rue.
651 2959 747 3036 [MP.
772 2957 819 3038 de
843 2982 945 3035 anno
979 2958 1087 3055 1654.
1116 2952 1154 3059 s
1180 2974 1243 3052 50.
1373 3052 1375 3057 ,

247 3076 341 3169 ‘cap
363 3082 401 3165 5.
417 3056 464 3139 de
478 3058 596 3179 testib.
618 3057 717 3144 clem.
741 3087 774 3141 α.
800 3057 847 3140 de
863 3054 1065 3161 verdfign.

559 3304 563 3310 ·
619 3270 682 3378 §
733 3276 853 3354 Dcv,

392 3581 397 3590 s
411 3471 484 3556 Ad
494 3472 695 3554 diditioner
698 3478 893 3581 pertinent
901 3480 1089 3557 Funrnn.

340 3664 512 3740 Indolem
520 3662 712 3743 dilationis
723 3661 1124 3759 imitantur-nenne,
1146 3687 1243 3769 quae

255 3762 344 3842 sunt
362 3763 462 3858 dies,
489 3764 623 3867 qubus
636 3764 777 3844 iudicia
802 3786 966 3845 vacant:
1003 3790 1148 3871 eaeque
1175 3766 1243 3846 vel
1314 3848 1318 3856 ,

255 3866 432 3962 diuinae,
457 3865 522 3944 seu
537 3870 740 3973 religioni,
775 3890 818 3949 et·
838 3868 960 3949 cultui
983 3870 1115 3948 diuino
1143 3871 1246 3949 dica·

255 3988 343 4061 rae3
370 3974 438 4049 aut
458 3969 665 4057 humanae,
684 3970 906 4066 hominum,
928 3972 1245 4079 negotiorumque

258 4072 373 4153 eausa
388 4070 592 4153 institutae.
611 4084 615 4089 ’
645 4075 853 4177 Vtriusque
870 4080 1021 4179 generis'
1049 4074 1247 4174 autsolen-

256 4176 454 4268 'neesunn
479 4173 546 4253 seu
570 4171 805 4273 ordinariae,
839 4200 936 4280 quae
956 4179 1170 4285 quotannis¹
1190 4202 1247 4258 re·

176 4377 177 4424 Ν
230 4318 235 4330 ·
312 4274 849 4411 instinlurirpraeceLPJL
925 4280 1001 4369 Y..
1115 4306 1199 4363 cur·
